Untuk setiap referensi, baris pertama (newton1687) merupakan label dan baris-baris berikutnya
merupakan atribut dari referensi yang akan digunakan. Umumnya, format referensi berikut sudah
disediakan oleh penyedia sumber referensi secara online dan bisa langsung ditaruh di sini.

Lihat https://www.bibtex.com/g/bibtex-format/ untuk informasi lebih lanjut mengenai format
BibTex yang digunakan pada file ini.

@inproceedings{8959617,  author={Hasan, Musaab and Balbahaith, Zayed and Tarique, Mohammed},  booktitle={2019 International Conference on Electrical and Computing Technologies and Applications (ICECTA)},   title={Detection of SQL Injection Attacks: A Machine Learning Approach},   year={2019},  volume={},  number={},  pages={1-6},  doi={10.1109/ICECTA48151.2019.8959617}}

@inproceedings{7395166,
  author={Mukherjee, Shubham and Sen, Pritam and Bora, Sudeshna and Pradhan, Chittaranjan},
  booktitle={2015 6th International Conference on Computing, Communication and Networking Technologies (ICCCNT)}, 
  title={SQL Injection: A sample review}, 
  year={2015},
  volume={},
  number={},
  pages={1-7},
  doi={10.1109/ICCCNT.2015.7395166}}

@article{8854182,
  author={Li, Qi and Li, Weishi and Wang, Junfeng and Cheng, Mingyu},
  journal={IEEE Access}, 
  title={A SQL Injection Detection Method Based on Adaptive Deep Forest}, 
  year={2019},
  volume={7},
  number={},
  pages={145385-145394},
  doi={10.1109/ACCESS.2019.2944951}}

@article{8616823,  author={Li, Qi and Wang, Fang and Wang, Junfeng and Li, Weishi},  journal={IEEE Transactions on Vehicular Technology},   title={LSTM-Based SQL Injection Detection Method for Intelligent Transportation System},   year={2019},  volume={68},  number={5},  pages={4182-4191},  doi={10.1109/TVT.2019.2893675}}

@article{10.1162/neco.1997.9.8.1735,
    author = {Hochreiter, Sepp and Schmidhuber, JÃ¼rgen},
    title = "{Long Short-Term Memory}",
    journal = {Neural Computation},
    year = {1997},
    volume = {9},
    number = {8},
    pages = {1735-1780},
    month = {11},
    abstract = "{Learning to store information over extended time intervals by recurrent backpropagation takes a very long time, mostly because of insufficient, decaying error backflow. We briefly review Hochreiter's (1991) analysis of this problem, then address it by introducing a novel, efficient, gradient based method called long short-term memory (LSTM). Truncating the gradient where this does not do harm, LSTM can learn to bridge minimal time lags in excess of 1000 discrete-time steps by enforcing constant error flow through constant error carousels within special units. Multiplicative gate units learn to open and close access to the constant error flow. LSTM is local in space and time; its computational complexity per time step and weight is O. 1. Our experiments with artificial data involve local, distributed, real-valued, and noisy pattern representations. In comparisons with real-time recurrent learning, back propagation through time, recurrent cascade correlation, Elman nets, and neural sequence chunking, LSTM leads to many more successful runs, and learns much faster. LSTM also solves complex, artificial long-time-lag tasks that have never been solved by previous recurrent network algorithms.}",
    issn = {0899-7667},
    doi = {10.1162/neco.1997.9.8.1735},
    url = {https://doi.org/10.1162/neco.1997.9.8.1735},
    eprint = {https://direct.mit.edu/neco/article-pdf/9/8/1735/813796/neco.1997.9.8.1735.pdf},
}

@misc{SQLiDataset,
  title   = {SQL Injection Dataset},
  url     = {https://www.kaggle.com/datasets/sajid576/sql-injection-dataset},
  urldate = {2022-12-21},
  year    = {2021},
  note = {last accessed on: 2022-12-21}
}

@misc{OWASP,
  title   = {OWASP's Top 10 Most Serious Web Application Security Risk},
  url     = {https://owasp.org/Top10/A03_2021-Injection/},
  urldate = {2022-12-22},
  year    = {2021},
  note = {last accessed on: 2022-12-22}
}

@article{scikit-learn,
 title={Scikit-learn: Machine Learning in {P}ython},
 author={Pedregosa, F. and Varoquaux, G. and Gramfort, A. and Michel, V.
         and Thirion, B. and Grisel, O. and Blondel, M. and Prettenhofer, P.
         and Weiss, R. and Dubourg, V. and Vanderplas, J. and Passos, A. and
         Cournapeau, D. and Brucher, M. and Perrot, M. and Duchesnay, E.},
 journal={Journal of Machine Learning Research},
 volume={12},
 pages={2825--2830},
 year={2011}
}

@misc{tensorflow2015-whitepaper,
title={ {TensorFlow}: Large-Scale Machine Learning on Heterogeneous Systems},
url={https://www.tensorflow.org/},
note={Software available from tensorflow.org},
author={
    Mart\'{i}n~Abadi and
    Ashish~Agarwal and
    Paul~Barham and
    Eugene~Brevdo and
    Zhifeng~Chen and
    Craig~Citro and
    Greg~S.~Corrado and
    Andy~Davis and
    Jeffrey~Dean and
    Matthieu~Devin and
    Sanjay~Ghemawat and
    Ian~Goodfellow and
    Andrew~Harp and
    Geoffrey~Irving and
    Michael~Isard and
    Yangqing Jia and
    Rafal~Jozefowicz and
    Lukasz~Kaiser and
    Manjunath~Kudlur and
    Josh~Levenberg and
    Dandelion~Man\'{e} and
    Rajat~Monga and
    Sherry~Moore and
    Derek~Murray and
    Chris~Olah and
    Mike~Schuster and
    Jonathon~Shlens and
    Benoit~Steiner and
    Ilya~Sutskever and
    Kunal~Talwar and
    Paul~Tucker and
    Vincent~Vanhoucke and
    Vijay~Vasudevan and
    Fernanda~Vi\'{e}gas and
    Oriol~Vinyals and
    Pete~Warden and
    Martin~Wattenberg and
    Martin~Wicke and
    Yuan~Yu and
    Xiaoqiang~Zheng},
  year={2015},
}

@misc{scikeras,
  title   = {Scikit-Learn Wrapper for Keras},
  url     = {https://www.adriangb.com/scikeras/stable/},
  urldate = {2022-12-22},
  year    = {2020},
  note = {last accessed on: 2022-12-22}
}

@misc{seclist,
  title   = {SecList},
  url     = {https://github.com/danielmiessler/SecLists/},
  urldate = {2022-12-21},
  year    = {2018},
  note = {last accessed on: 2022-12-21}
}

@article{8877739,
  author={Xie, Xin and Ren, Chunhui and Fu, Yusheng and Xu, Jie and Guo, Jinhong},
  journal={IEEE Access}, 
  title={SQL Injection Detection for Web Applications Based on Elastic-Pooling CNN}, 
  year={2019},
  volume={7},
  number={},
  pages={151475-151481},
  doi={10.1109/ACCESS.2019.2947527}}

@inproceedings{7987433,  author={Uwagbole, Solomon Ogbomon and Buchanan, William J. and Fan, Lu},  booktitle={2017 IFIP/IEEE Symposium on Integrated Network and Service Management (IM)},   title={Applied Machine Learning predictive analytics to SQL Injection Attack detection and prevention},   year={2017},  volume={},  number={},  pages={1087-1090},  doi={10.23919/INM.2017.7987433}}